
@book{
Knut,
    author="Дональд Кнут",
    title="Сортировка и поиск",
    publisher="Вильямс",
    volume=3,
    series="Искусство программирования",
    year=2000,
    pages=834
}


@misc{sheyker,
    title="Сортировка бинарным деревом [Электронный ресурс]",
    howpublished="Режим доступа: \url{https://habr.com/ru/company/edison/blog/505744/} (дата обращения: 12.09.2022)"
}

@misc{insert,
    title="Сортировка бусинами  [Электронный ресурс]",
    howpublished="Режим доступа: \url{https://habr.com/ru/post/198962/} (дата обращения: 12.09.2022)"
}

@misc{select,
    title="Побитовая сортировка  [Электронный ресурс]",
    howpublished="Режим доступа: \url{http://algolab.valemak.com/lsd} (дата обращения: 12.09.2022)"
}


@misc{pythonlang,
    title="C++ language [Электронный ресурс]",
    howpublished="Режим доступа: \url{https://en.cppreference.com/w/cpp/language} (дата обращения: 04.09.2022)"
}

@misc{ubuntu,
    title="macos Monterey 12.03 [Электронный ресурс]",
    howpublished="Режим доступа: \url{https://www.apple.com/ru/macos/monterey/} (дата обращения: 04.09.2022)"
}

@misc{intel,
    title="Процессор Intel® Core™ i5-1135G7 [Электронный ресурс]",
    howpublished="Режим доступа: \url{https://www.intel.ru/content/www/ru/ru/products/sku/208658/intel-core-i51135g7-processor-8m-cache-up-to-4-20-ghz/specifications.html} (дата обращения: 04.09.2022)"
}
