@misc{pythonlang,
	title="C++ language [Электронный ресурс]",
	howpublished="Режим доступа: \url{https://en.cppreference.com/w/cpp/language} (дата обращения: 04.10.2022)"
}

@misc{ubuntu,
	title="macos Monterey 12.03 [Электронный ресурс]",
	howpublished="Режим доступа: \url{https://www.apple.com/ru/macos/monterey/} (дата обращения: 04.10.2022)"
}

@misc{intel,
	title="Процессор Intel® Core™ i5-1135G7 [Электронный ресурс]",
	howpublished="Режим доступа: \url{https://www.intel.ru/content/www/ru/ru/products/sku/208658/intel-core-i51135g7-processor-8m-cache-up-to-4-20-ghz/specifications.html} (дата обращения: 04.10.2022)"
}
